@book{funge2004artificial,
  title={Artificial intelligence for computer games: an introduction},
  author={Funge, J.D.},
  publisher={$\{$Peters Corp.$\}$},
  year=2004}

@Misc{lionhead01:black_white,
  author =    {{Lionhead Studios}},
  title =     {Black \& White},
  howpublished = {\url{http://lionhead.com/Games/BW/}},
  month =     {March},
  year =      2001}

@Misc{maxis00:sims,
  author =    {Maxis},
  title =     {The Sims},
  howpublished = {\url{http://thesims.ea.com/}},
  month =     {February},
  year =      2000}

@Misc{norway08:video_games,
  author =       {{Norwegian Ministry of Culture}},
  title =        {Report No. 14 to the Storting: Video Games},
  howpublished = {\url{http://www.regjeringen.no/en/dep/kkd/Documents/regpubl/stmeld/2007-2008/report-no-14-2007-2008-to-the-storting.html}},
  year =         2008,
  month =     {March}}

@article{woodcock2001game,
  title={Game AI: The State of the Industry 2000-2001: It’s not Just Art, It’s Engineering},
  author={Woodcock, S.},
  journal={Game Developer magazine},
  year=2001}

