@Misc{Freeman-Hargis,
  author =    {Freeman-Hargis, James},
  title =     {Rule-Based Systems and Identification Trees},
  howpublished = {\url{http://ai-depot.com/Tutorial/RuleBased.html}},
  year =         2002}

@Misc{aaip2010intro,
  author =    {AAIP},
  title =     {Introduction},
  howpublished = {\url{http://www.inductive-programming.org/intro.html}},
  month =     {July},
  year =      2010,
  note =      {Approaches and Applications of Inductive Programming}}

@article{angeline1994genetic,
  title={Genetic programming and emergent intelligence},
  author={Angeline, P.J.},
  journal={Advances in genetic programming},
  volume=1,
  pages={75--98},
  year=1994,
  publisher={Citeseer}
}
@Misc{apple2011siri,
  author =    {{Apple Software}},
  title =     {Siri},
  howpublished = {\url{http://www.apple.com/iphone/features/siri.html}},
  month =     {October},
  year =      2011}

@article{bauckhage2003learning,
  title={Learning human-like opponent behavior for interactive computer games},
  author={Bauckhage, C. and Thurau, C. and Sagerer, G.},
  journal={Pattern Recognition},
  pages={148--155},
  year=2003,
  publisher={Springer}
}
@Misc{birch2010pacman,
  author =    {Birch, C},
  title =     {Understanding Pac-Man Ghost Behavior},
  howpublished = {\url{http://gameinternals.com/post/2072558330/understanding-pac-man-ghost-behavior}},
  month =     {December},
  year =      2010}

@inproceedings{blair1999exploring,
  title={Exploring evolutionary learning in a simulated hockey environment},
  author={Blair, A.D. and Sklar, E.},
  booktitle={Evolutionary Computation, 1999. CEC 99. Proceedings of the 1999 Congress on},
  volume=1,
  year=1999,
  organization={IEEE}
}
@misc{brickmanhtn,
  title={â€˜HTN Planning and Game State Management in Warcraft II},
  author={Brickman, N. and Nishant, J.},
  note={\url{http://users.soe.ucsc.edu/~nishant/CS244.pdf}},
  year =         {Unknown year}
}
@article{buchanan1976applications,
  title={Applications of artificial intelligence for chemical inference. 22. automatic rule formation in mass spectrometry by means of the Meta-DENDRAL program},
  author={Buchanan, B.G. and Smith, DH and White, WC and Gritter, RJ and Feigenbaum, EA and Lederberg, J. and Djerassi, C.},
  journal={Journal of the American Chemical Society},
  volume=98,
  number=20,
  pages={6168--6178},
  year=1976,
  publisher={ACS Publications}
}
@inproceedings{buchanan2002brief,
  title={Brief history of artificial intelligence},
  author={Buchanan, B.G.},
  booktitle={American Association of Artificial Intelligence},
  volume=26,
  year=2002
}
@book{champandard2003ai,
  title={AI game development: synthetic creatures with learning and reactive behaviors},
  author={Champandard, A.J.},
  year=2003,
  publisher={New Riders Pub}
}
@article{christian2002simple,
  title={a simple inference engine for a rule-based architecture},
  author={Christian, M},
  journal={AI. game. programming. wisdom},
  pages={313--320},
  year=2002
}
@inproceedings{cole2004using,
  title={Using a genetic algorithm to tune first-person shooter bots},
  author={Cole, N. and Louis, S.J. and Miles, C.},
  booktitle={Evolutionary Computation, 2004. CEC2004. Congress on},
  volume=1,
  pages={139--145},
  year=2004,
  organization={IEEE}
}
@inproceedings{crossleycombining,
  title={Combining analytical and evolutionary inductive programming},
  author={Crossley, N. and Kitzelmann, E. and Hofmann, M. and Schmid, U.},
  booktitle={Second Conference on Artificial General Intelligence},
  year =         2009,
  pages={19--24},
  organization={Citeseer}
}
@article{demasi2003online,
  title={Online coevolution for action games},
  author={Demasi, P. and Cruz, A.J.O.},
  journal={Int. J. Intell. Games \& Simulation},
  volume=2,
  number=2,
  pages={80--88},
  year=2003
}
@techreport{evans1964program,
  title={A PROGRAM FOR THE SOLUTION OF A CLASS OF GEOMETRIC-ANALOGY INTELLIGENCE-TEST QUESTIONS.},
  author={Evans, T.G.},
  year=1964,
  institution={DTIC Document}
}

@phdthesis{federoff2002heuristics,
  title={Heuristics and usability guidelines for the creation and evaluation of fun in video games},
  author={Federoff, M.A.},
  year=2002,
  school={Citeseer}
}

@article{funes1998animal,
  title={Animal-animat coevolution: Using the animal population as fitness function},
  author={Funes, P. and Sklar, E. and Juill{\'e}, H. and Pollack, J.},
  journal={From Animals to Animats},
  volume=5,
  pages={525--533},
  year=1998,
  publisher={Citeseer}
}
@inproceedings{funes2000measuring,
  title={Measuring progress in coevolutionary competition},
  author={Funes, P. and Pollack, J.},
  booktitle={From Animals to Animats 6: Proceedings of the Sixth International Conference on Simulation of Adaptive Behavior},
  pages={450--459},
  year=2000,
  organization={MIT Press}
}
@inproceedings{gallagher2003learning,
  title={Learning to play Pac-Man: An evolutionary, rule-based approach},
  author={Gallagher, M. and Ryan, A.},
  booktitle={Evolutionary Computation, 2003. CEC'03. The 2003 Congress on},
  volume=4,
  pages={2462--2469},
  year=2003,
  organization={IEEE}
}
@inproceedings{grand1997creatures,
  title={Creatures: Artificial life autonomous software agents for home entertainment},
  author={Grand, S. and Cliff, D. and Malhotra, A.},
  booktitle={Proceedings of the first international conference on Autonomous agents},
  pages={22--29},
  year=1997,
  organization={ACM}
}
@inproceedings{isla2002new,
  title={New challenges for character-based ai for games},
  author={Isla, D. and Blumberg, B.},
  booktitle={AAAI Spring-Symposium on AI and Interactive Entertainment},
  year=2002
}

@inproceedings{isla2005handling,
  title={Handling complexity in the Halo 2 AI},
  author={Isla, D.},
  booktitle={Game Developers Conference},
  year=2005,
  note =         {\url{http://www.gamasutra.com/view/feature/2250/gdc_2005_proceeding_handling_.php}}
}

@inproceedings{khoo2002efficient,
  title={Efficient, realistic NPC control systems using behavior-based techniques},
  author={Khoo, A. and Dunham, G. and Trienens, N. and Sood, S.},
  booktitle={Proceedings of the AAAI Spring Symposium on Artificial Intelligence and Interactive Entertainment},
  pages={46--51},
  year=2002
}

@book{kirby2011introduction,
  title={Introduction to game AI},
  author={Kirby, N.},
  year=2011,
  publisher={Course Technology PTR/Cengage Learning}
}
@article{kitzelmann2010inductive,
  title={Inductive programming: A survey of program synthesis techniques},
  author={Kitzelmann, E.},
  journal={Approaches and Applications of Inductive Programming},
  pages={50--73},
  year=2010,
  publisher={Springer}
}
@book{koster2004theory,
  title={A theory of fun for game design},
  author={Koster, R.},
  year=2004,
  publisher={Paraglyph press}
}
@inproceedings{lazzaro2004we,
  title={Why we play games: Four keys to more emotion without story},
  author={Lazzaro, N.},
  year=2004,
  booktitle =    {Game Developers Conference}

}
@book{luger2005artificial,
  title={Artificial intelligence: Structures and strategies for complex problem solving},
  author={Luger, G.F.},
  year=2005,
  publisher={Addison-Wesley Longman}
}
@inproceedings{malone1981makes,
  title={What makes computer games fun?(abstract only)},
  author={Malone, T.},
  booktitle={Proceedings of the joint conference on Easier and more productive use of computer systems.(Part-II): Human interface and the user interface-Volume 1981},
  pages=143,
  year=1981,
  organization={ACM}
}

@article{mandryk2006using,
  title={Using psychophysiological techniques to measure user experience with entertainment technologies},
  author={Mandryk, R.L. and Inkpen, K.M. and Calvert, T.W.},
  journal={Behaviour \& Information Technology},
  volume=25,
  number=2,
  pages={141--158},
  year=2006,
  publisher={Citeseer}
}
@article{mateas2002behavior,
  title={A behavior language for story-based believable agents},
  author={Mateas, M. and Stern, A.},
  journal={IEEE Intelligent Systems},
  pages={39--47},
  year=2002,
  publisher={IEEE Computer Society}
}

@inproceedings{merrick2006motivated,
  title={Motivated reinforcement learning for non-player characters in persistent computer game worlds},
  author={Merrick, K. and Maher, M.L.},
  booktitle={Proceedings of the 2006 ACM SIGCHI international conference on Advances in computer entertainment technology},
  pages=3,
  year=2006,
  organization={ACM}
}
@book{minsky1969perceptrons,
  title={Perceptrons: An introduction to computational geometry},
  author={Minsky, M.L. and Papert, S.},
  volume=1988,
  year=1969,
  publisher={MIT press Cambridge, MA}
}

@book{munakata2008fundamentals,
  title={Fundamentals of the new artificial intelligence: neural, evolutionary, fuzzy and more},
  author={Munakata, T.},
  year=2008,
  publisher={Springer-Verlag New York Inc}
}


@PhdThesis{olsson1994inductive,
  author =       {Olsson, J. R.},
  title =        {Inductive functional programming using incremental program transformation and Execution of logic programs by iterative-deepening A* SLD-tree search},
  school =       {University of Oslo},
  year =         1994,
  address =   {Norway}}

@article{olsson1995inductive,
  title={Inductive functional programming using incremental program transformation},
  author={Olsson, R.},
  journal={Artificial Intelligence},
  volume=74,
  number=1,
  pages={55--81},
  year=1995,
  publisher={Elsevier}
}
@inproceedings{olsson1998art,
  title={The art of writing specifications for the adate automatic programming system},
  author={Olsson, J.R.},
  booktitle={Proceedings of the 3rd Annual Conference on Genetic Programmin},
  pages={278--283},
  year=1998,
  organization={Citeseer}
}
@inproceedings{olsson1998population,
  year = 1998,
  title={Population management for automatic design of algorithms through evolution},
  author={Olsson, R.},
  booktitle={Evolutionary Computation Proceedings, 1998. IEEE World Congress on Computational Intelligence., The 1998 IEEE International Conference on},
  pages={592--597},
  organization={IEEE}
}
@inproceedings{olsson2002self,
  title={Self-improvement for the ADATE automatic programming system},
  author={Olsson, JR and Wilcox, B.},
  booktitle={WSES International Conference on Evolutionary Computation},
  year=2002
}
@inproceedings{olsson2003machine,
  title={Machine learning of human language through automatic programming},
  author={Olsson, R. and Powers, D.},
  booktitle={International Conference on Cognitive Science},
  pages={507--512},
  year=2003
}
@article{orkin2003applying,
  title={Applying goal-oriented action planning to games},
  author={Orkin, J.},
  journal={AI Game Programming Wisdom},
  volume=2,
  pages={217--228},
  year=2003
}

@inproceedings{orkin2004symbolic,
  title={Symbolic representation of game world state: Toward real-time planning in games},
  author={Orkin, J.},
  booktitle={Proceedings of the AAAI Workshop on Challenges in Game Artificial Intelligence},
  year=2004
}
@inproceedings{orkin2006three,
  title={Three states and a plan: the AI of FEAR},
  author={Orkin, J.},
  booktitle={Game Developers Conference},
  volume=2006,
  year=2006,
  organization={Citeseer}
}
@misc{pittmanpac,
  title={The pac-man dossier. Gamasutra (2009)},
  author={Pittman, J.},
  howpublished = {\url{http://home.comcast.net/~jpittman2/pacman/pacmandossier.html}},
  year =         2011,
  month =        {june}
}
@phdthesis{ponsen2004improving,
  title={Improving adaptive game AI with evolutionary learning},
  author={Ponsen, M.},
  year=2004,
  school={Delft University of Technology}
}
@book{rabin2002ai,
  title={AI game programming wisdom},
  author={Rabin, S.},
  year=2002,
  publisher={Cengage Learning}
}

@article{rabin2002implementing,
  title={Implementing a state machine language},
  author={Rabin, S.},
  journal={AI. game. programming. wisdom},
  pages={314--320},
  year=2002
}
@article{ramos2008guest,
  title={Guest Editors' Introduction: Ambient Intelligenceâ€”the Next Step for Artificial Intelligence},
  author={Ramos, C. and Augusto, J.C. and Shapiro, D.},
  journal={IEEE Intelligent Systems},
  pages={15--18},
  year=2008,
  publisher={IEEE Computer Society}
}
@inproceedings{rani2005maintaining,
  title={Maintaining optimal challenge in computer games through real-time physiological feedback},
  author={Rani, P. and Sarkar, N. and Liu, C.},
  booktitle={Proceedings of the 11th International Conference on Human Computer Interaction},
  pages={184--192},
  year=2005
}
@inproceedings{read2002endurability,
  title={Endurability, engagement and expectations: Measuring children's fun},
  author={Read, JC and MacFarlane, SJ and Casey, C.},
  booktitle={Interaction Design and Children},
  pages={189--198},
  year=2002,
  organization={Citeseer}
}
@article{schaeffer2002games,
  title={Games, computers, and artificial intelligence},
  author={Schaeffer, J. and Van den Herik, H.J.},
  journal={Artificial Intelligence},
  volume=134,
  number={1-2},
  pages={1--8},
  year=2002,
}
@article{shannon1950programming,
  title={Programming a computer for playing chess},
  author={Shannon, C.E.},
  journal={Philosophical magazine},
  volume=41,
  number=7,
  pages={256--275},
  year=1950
}
@article{slagle1963heuristic,
  title={A heuristic program that solves symbolic integration problems in freshman calculus},
  author={Slagle, J.R.},
  journal={Journal of the ACM (JACM)},
  volume=10,
  number=4,
  pages={507--520},
  year=1963,
  publisher={ACM}
}
@inproceedings{spronck2004difficulty,
  title={Difficulty scaling of game AI},
  author={Spronck, P. and Sprinkhuizen-Kuyper, I. and Postma, E.},
  booktitle={Proceedings of the 5th International Conference on Intelligent Games and Simulation (GAME-ON 2004)},
  pages={33--37},
  year=2004
}
@book{spronck2005adaptive,
  title={Adaptive game AI},
  author={Spronck, P.H.M.},
  year=2005,
  publisher={UPM, Universitaire Pers Maastricht}
}
@book{sutton1998reinforcement,
  title={Reinforcement learning: An introduction},
  author={Sutton, R.S. and Barto, A.G.},
  volume=116,
  year=1998,
  publisher={Cambridge Univ Press}
}
@article{tozour2002evolution,
  title={The evolution of game AI},
  author={Tozour, P.},
  journal={AI game programming wisdom},
  pages={3--15},
  year=2002,
  publisher={Charles River Media, Hingham, MA}
}

@article{turing1950computing,
  title={Computing machinery and intelligence},
  author={Turing, A.M.},
  journal={Mind},
  volume=59,
  number=236,
  pages={433--460},
  year=1950,
  publisher={JSTOR}
}

@article{van1999intelligent,
  title={Intelligent agents in computer games},
  author={Van Lent, M. and Laird, J. and Buckman, J. and Hartford, J. and Houchard, S. and Steinkraus, K. and Tedrake, R.},
  journal={Ann Arbor},
  volume=1001,
  pages=48109,
  year=1999
}

@techreport{vattekar2006adate,
  title={Adate User Manual},
  author={Vattekar, G.},
  year=2006,
  institution={Technical report, Ostfold University College}
}

@article{weizenbaum1966eliza,
  title={ELIZAâ€”a computer program for the study of natural language communication between man and machine},
  author={Weizenbaum, J.},
  journal={Communications of the ACM},
  volume=9,
  number=1,
  pages={36--45},
  year=1966,
  publisher={ACM}
}

@article{werbos1974beyond,
  title={Beyond regression: new fools for prediction and analysis in the behavioral sciences},
  author={WERBOS, P.},
  journal={PhD thesis, Harvard University},
  year=1974
}

@Misc{wikipediabackpropagation,
  author =    {Wikipedia},
  title =     {Backpropagation},
  howpublished = {\url{http://en.wikipedia.org/wiki/Backpropagation}},
  year =         2011}

@Misc{wikipediafeedforward,

  author =    {Wikipedia},
  title =     {Feedforward neural network},
  howpublished = {\url{http://en.wikipedia.org/wiki/Feedforward_neural_network}},
  year =         2011}

@article{yannakakis2004evolving,
  title={Evolving opponents for interesting interactive computer games},
  author={Yannakakis, G.N. and Hallam, J.},
  journal={From animals to animats},
  volume=8,
  pages={499--508},
  year=2004,
  publisher={Citeseer}
}
@inproceedings{yannakakis2004interactive,
  title={Interactive opponents generate interesting games},
  author={Yannakakis, G.N. and Hallam, J.},
  booktitle={Proceedings of the International Conference on Computer Games: Artificial Intelligence, Design and Education},
  pages={240--247},
  year=2004,
  organization={Citeseer}
}
@article{yannakakis2005ai,
  title={AI in Computer Games: Generating Interesting Interactive Opponents by the use of Evolutionary Computation},
  author={Yannakakis, G.N.},
  journal={University of Edinburgh},
  year=2005,
  publisher={University of Edinburgh. College of Science and Engineering. School of Informatics.}
}

@article{yannakakis2007modeling,
  title={Modeling and augmenting game entertainment through challenge and
                  curiosity},
  author={Yannakakis, G.N. and Hallam, J.},
  journal={International Journal of Artificial Intelligence Tools},
  volume=16,
  number=6,
  pages={981--1000},
  year=2007,
  publisher={Singapore; River Edge, NJ: World Scientific, 1992-}
}
@article{yannakakis2007towards,
  title={Towards optimizing entertainment in computer games},
  author={Yannakakis, G. and Hallam, J.},
  journal={Applied Artificial Intelligence},
  volume=21,
  number=10,
  pages={933--972},
  year=2007,
  publisher={Washington, DC: Hemisphere Pub. Co., c1987-}
}

@article{yannakakis2008entertainment,
  title={Entertainment capture through heart rate activity in physical interactive playgrounds},
  author={Yannakakis, G.N. and Hallam, J. and Lund, H.H.},
  journal={User Modeling and User-Adapted Interaction},
  volume=18,
  number=1,
  pages={207--243},
  year=2008,
  publisher={Springer}
}
@inproceedings{yannakakis2008model,
  title={How to model and augment player satisfaction: A review},
  author={Yannakakis, G.N.},
  booktitle={Proceedings of the 1st Workshop on Child, Computer and Interaction, Chania, Crete, ACM Press},
  year=2008
}
@article{yannakakis2009real,
  title={Real-time game adaptation for optimizing player satisfaction},
  author={Yannakakis, G.N. and Hallam, J.},
  journal={Computational Intelligence and AI in Games, IEEE Transactions on},
  volume=1,
  number=2,
  pages={121--133},
  year=2009,
  publisher={IEEE}
}

