@Misc{bogie:_hupdup,
  author =    {Bogie},
  title =     {Hupdupp}}

