@inproceedings{isla2002new,
  title={New challenges for character-based ai for games},
  author={Isla, D. and Blumberg, B.},
  booktitle={AAAI Spring-Symposium on AI and Interactive Entertainment},
  year=2002
}

@inproceedings{khoo2002efficient,
  title={Efficient, realistic NPC control systems using behavior-based techniques},
  author={Khoo, A. and Dunham, G. and Trienens, N. and Sood, S.},
  booktitle={Proceedings of the AAAI Spring Symposium on Artificial Intelligence and Interactive Entertainment},
  pages={46--51},
  year=2002
}


@article{mateas2002behavior,
  title={A behavior language for story-based believable agents},
  author={Mateas, M. and Stern, A.},
  journal={IEEE Intelligent Systems},
  pages={39--47},
  year=2002,
  publisher={IEEE Computer Society}
}

@inproceedings{merrick2006motivated,
  title={Motivated reinforcement learning for non-player characters in persistent computer game worlds},
  author={Merrick, K. and Maher, M.L.},
  booktitle={Proceedings of the 2006 ACM SIGCHI international conference on Advances in computer entertainment technology},
  pages=3,
  year=2006,
  organization={ACM}
}
@article{olsson1995inductive,
  title={Inductive functional programming using incremental program transformation},
  author={Olsson, R.},
  journal={Artificial Intelligence},
  volume=74,
  number=1,
  pages={55--81},
  year=1995,
  publisher={Elsevier}
}
@inproceedings{olsson1998art,
  title={The art of writing specifications for the adate automatic programming system},
  author={Olsson, J.R.},
  booktitle={Proceedings of the 3rd Annual Conference on Genetic Programmin},
  pages={278--283},
  year=1998,
  organization={Citeseer}
}
@inproceedings{olsson1998population,
  year = 1998,
  title={Population management for automatic design of algorithms through evolution},
  author={Olsson, R.},
  booktitle={Evolutionary Computation Proceedings, 1998. IEEE World Congress on Computational Intelligence., The 1998 IEEE International Conference on},
  pages={592--597},
  organization={IEEE}
}
@inproceedings{olsson2002self,
  title={Self-improvement for the ADATE automatic programming system},
  author={Olsson, JR and Wilcox, B.},
  booktitle={WSES International Conference on Evolutionary Computation},
  year=2002
}
@inproceedings{olsson2003machine,
  title={Machine learning of human language through automatic programming},
  author={Olsson, R. and Powers, D.},
  booktitle={International Conference on Cognitive Science},
  pages={507--512},
  year=2003
}
@article{orkin2003applying,
  title={Applying goal-oriented action planning to games},
  author={Orkin, J.},
  journal={AI Game Programming Wisdom},
  volume=2,
  pages={217--228},
  year=2003
}

@inproceedings{orkin2004symbolic,
  title={Symbolic representation of game world state: Toward real-time planning in games},
  author={Orkin, J.},
  booktitle={Proceedings of the AAAI Workshop on Challenges in Game Artificial Intelligence},
  year=2004
}
@inproceedings{rani2005maintaining,
  title={Maintaining optimal challenge in computer games through real-time physiological feedback},
  author={Rani, P. and Sarkar, N. and Liu, C.},
  booktitle={Proceedings of the 11th International Conference on Human Computer Interaction},
  pages={184--192},
  year=2005
}
@article{schaeffer2002games,
  title={Games, computers, and artificial intelligence},
  author={Schaeffer, J. and Van den Herik, H.J.},
  journal={Artificial Intelligence},
  volume=134,
  number={1-2},
  pages={1--8},
  year=2002,
}
@inproceedings{spronck2004difficulty,
  title={Difficulty scaling of game AI},
  author={Spronck, P. and Sprinkhuizen-Kuyper, I. and Postma, E.},
  booktitle={Proceedings of the 5th International Conference on Intelligent Games and Simulation (GAME-ON 2004)},
  pages={33--37},
  year=2004
}
@article{van1999intelligent,
  title={Intelligent agents in computer games},
  author={Van Lent, M. and Laird, J. and Buckman, J. and Hartford, J. and Houchard, S. and Steinkraus, K. and Tedrake, R.},
  journal={Ann Arbor},
  volume=1001,
  pages=48109,
  year=1999
}

@techreport{vattekar2006adate,
  title={Adate User Manual},
  author={Vattekar, G.},
  year=2006,
  institution={Technical report, Ostfold University College}
}
@article{yannakakis2004evolving,
  title={Evolving opponents for interesting interactive computer games},
  author={Yannakakis, G.N. and Hallam, J.},
  journal={From animals to animats},
  volume=8,
  pages={499--508},
  year=2004,
  publisher={Citeseer}
}
@article{yannakakis2005ai,
  title={AI in Computer Games: Generating Interesting Interactive Opponents by the use of Evolutionary Computation},
  author={Yannakakis, G.N.},
  journal={University of Edinburgh},
  year=2005,
  publisher={University of Edinburgh. College of Science and Engineering. School of Informatics.}
}

@article{yannakakis2007towards,
  title={Towards optimizing entertainment in computer games},
  author={Yannakakis, G. and Hallam, J.},
  journal={Applied Artificial Intelligence},
  volume=21,
  number=10,
  pages={933--972},
  year=2007,
  publisher={Washington, DC: Hemisphere Pub. Co., c1987-}
}

@inproceedings{yannakakis2008model,
  title={How to model and augment player satisfaction: A review},
  author={Yannakakis, G.N.},
  booktitle={Proceedings of the 1st Workshop on Child, Computer and Interaction, Chania, Crete, ACM Press},
  year=2008
}
@article{yannakakis2009real,
  title={Real-time game adaptation for optimizing player satisfaction},
  author={Yannakakis, G.N. and Hallam, J.},
  journal={Computational Intelligence and AI in Games, IEEE Transactions on},
  volume=1,
  number=2,
  pages={121--133},
  year=2009,
  publisher={IEEE}
}
@article{angeline1994genetic,
  title={Genetic programming and emergent intelligence},
  author={Angeline, P.J.},
  journal={Advances in genetic programming},
  volume={1},
  pages={75--98},
  year={1994},
  publisher={Citeseer}
}
